4180 5588
946 171 1228 344 [286]

436 369 583 512 partis
619 366 825 497 Unciae3
877 366 1170 506 utiq31ineae
1207 367 1410 476 obscure
1449 369 1589 508 supra
1630 387 1909 510 memorate,

368 629 373 638 Ι
438 529 717 610 concurrent
748 503 845 642 jam
901 504 1026 608 inter
1074 508 1120 608 se
1176 507 1343 644 majori
1389 505 1659 639 intervallo,
1715 524 1911 640 quam}

438 644 587 780 partis
603 641 793 776 Unciae,
826 643 887 743 ab
915 666 1128 746 extremo
1157 642 1244 744 illo
1268 642 1470 746 Lumine
1500 641 1633 779 quod
1653 637 1912 743 interCul·
2076 726 2077 742 n

429 805 537 910 tros
556 778 618 916 ‘in
640 779 862 880 Acierum
884 777 1071 880 suarum
1103 781 1327 881 concursu
1350 768 1716 902 transmittitur}
1751 775 1911 912 ideoq3

440 913 605 1014 iumen
636 913 770 1049 quod
813 911 983 1013 incidit
1014 913 1063 1014 in
1095 911 1324 1020 Chartam
1361 949 1453 1052 qua
1489 937 1624 1052 parte
1646 910 1802 1013 Lineae
1822 911 1912 1012 istae

441 1049 642 1147 obscurae
668 1069 954 1150 concurrunt
993 1043 1115 1147 inter
1149 1051 1212 1182 se,
1247 1050 1580 1175 transmittitur
1629 1046 1726 1182 jam
1758 1044 1909 1181 ipsum
2077 1064 2078 1148 ἴ

440 1182 636 1316 quidem
677 1184 801 1283 inter
837 1182 1037 1284 Cultros'
1056 1215 1166 1318 ,qua
1187 1211 1321 1319 parte
1341 1185 1481 1320 Acies
1503 1184 1708 1322 ipsorum
1740 1183 1908 1282 distant

439 1319 565 1416 inter
590 1318 635 1417 se
654 1317 858 1455 amplius
877 1327 925 1444 rt„
942 1341 1078 1454 parte
1102 1319 1278 1422 Unciae'.

510 1451 697 1554 Etenim
733 1452 831 1553 alio
865 1453 1074 1590 quodam
1096 1477 1326 1593 tempore,
1362 1490 1468 1556 cum
1496 1452 1640 1554 iidem
1669 1422 1771 1553 bini
1793 1447 1909 1550 Cui:
2078 1409 2079 1454 ξ

440 1585 505 1686 tri
539 1589 759 1692 collocati
792 1584 937 1692 effent
966 1589 1220 1691 intervallo
1260 1593 1367 1692 ouo
1405 1589 1583 1690 Pedum
1634 1623 1686 1688 ac
1737 1585 1910 1727 quinq;
2079 1695 2080 1698 Ν

442 1723 711 1830 unciarum
734 1761 760 1824 a
786 1757 934 1857 parvo
961 1725 1188 1826 foramine
1211 1725 1261 1826 in
1285 1722 1517 1855 Fenestra,
1552 1720 1685 1858 quod
1710 1721 1910 1822 Acicula

299 1917 312 1931 ν
444 1853 705 1994 (utsupra)
743 1855 942 1959 feceram
960 1895 977 1978 ;
1017 1855 1196 1960 Lumen
1235 1859 1366 1995 quod
1401 1859 1638 1959 incidebat
1674 1855 1724 1956 in
1757 1853 1910 1957 Char·

443 2013 544 2090 tarn
579 2025 674 2127 qua
708 2015 844 2128 parte
880 1991 1038 2094 Lineae
1073 1996 1276 2101 obscure
1325 1995 1462 2133 supra
1497 2015 1762 2094 memorate
1794 2025 1904 2090 con·

444 2128 699 2258 currebant
724 2127 850 2228 inter
876 2131 948 2261 se,
992 2118 1303 2238 transmilium
1323 2152 1423 2230 etat
1444 2153 1557 2230 tunc
1573 2128 1696 2228 inter
1715 2125 1905 2226 Cuitros

443 2271 540 2400 'qua
571 2284 706 2399 parte
734 2263 873 2364 Acies
896 2263 1110 2400 ipsorum
1163 2265 1390 2366 distarent
1417 2265 1542 2364 inter
1577 2265 1623 2364 se
1653 2257 1910 2362 intervallis

448 2399 501 2496 in
530 2399 745 2533 sequenti
787 2395 977 2500 Tabula
1007 2397 1240 2536 expreffis,
1293 2431 1440 2536 quum
1472 2397 1697 2504 nimirum
1733 2391 1907 2495 Charta

378 2553 384 2564 '
450 2528 685 2769 adssluitrie
720 2535 911 2637 distaret
944 2534 1204 2640 intervallis
1249 2535 1492 2637 incudem
1527 2533 1694 2637 itidem
1725 2529 1903 2634 Tabula

448 2701 474 2770 a
532 2691 707 2810 ccrptrs.
1445 2729 1447 2735 -
1584 2675 1594 2712 ¹

628 3093 647 3137 ·
740 3061 749 3080 '0
