4250 5586
821 185 1053 361 [37]

189 399 340 468 orum
360 365 414 468 in
432 368 697 476 secundum
715 371 894 478 Prisma
925 376 1203 513 Incidenda,
1238 378 1287 482 in
1312 379 1438 484 hisce
1466 378 1685 480 omnibus

198 500 381 604 casabus
420 537 527 626 una
551 532 656 644 atq3
693 510 853 610 eadem
878 512 986 614 suit.
1055 517 1280 616 Attamen
1303 551 1396 616 una
1422 514 1683 650 eademque

203 673 321 738 cum
345 633 452 738 effet
482 643 697 744 omnium
718 644 976 749 Inridentia
1001 685 1018 773 3
1053 647 1135 748 alii
1154 651 1427 768 Radiorum¹
1443 647 1588 803 magis
1611 683 1681 748 re»

205 773 567 908 fringebantur,
616 778 699 878 alii
739 780 922 894 minus„
989 784 1146 918 Quiq3
1183 785 1230 884 in
1267 785 1416 923 priori
1458 783 1683 884 Prrlinate

198 907 370 1040 majori
392 907 698 1016 Refrattione
720 915 907 1050 longius
927 953 954 1020 e
974 919 1050 1019 via
1074 919 1252 1023 detorti
1273 924 1460 1025 fuerant
1471 955 1490 1043 3
1534 919 1678 1020 iidem

199 1041 247 1142 in
274 1047 370 1145 hoc
401 1047 605 1148 secundo
640 1047 866 1154 Prismate
896 1055 1070 1154 iterum
1113 1056 1259 1190 magis
1296 1055 1506 1159 Refratti
1535 1053 1677 1178 sunt:¹
1719 1079 1721 1085 ‘

200 1182 272 1279 Ac
293 1180 518 1316 proinde,
553 1219 703 1320 quum
723 1209 849 1288 certa
870 1224 922 1290 ac
944 1191 1171 1292 constanti
1193 1190 1375 1310 ratione
1395 1190 1518 1326 plus,
1533 1223 1680 1324 quam

203 1316 398 1450 reliqui,
434 1318 787 1457 refringantur3
834 1323 1005 1426 merito
1043 1325 1269 1462 appellari
1303 1327 1491 1464 poliunt
1517 1325 1678 1462 Magia

205 1449 558 1588 Refrangibiler.
1116 1512 1119 1518 ,

277 1589 450 1728 Exper.
477 1623 522 1724 7.
575 1590 654 1692 Ad
683 1591 794 1695 bina
830 1593 1078 1699 foramina.
1099 1597 1148 1698 in
1190 1595 1395 1698 fenestrae
1429 1592 1678 1730 operculo,

201 1756 351 1859 parvo
365 1723 616 1830 intervallo
636 1727 761 1830 inter
779 1731 827 1830 se
854 1731 1087 1864 distantia,
1122 1729 1346 1834 Prilinata
1379 1730 1555 1865 fingula
1594 1763 1677 1866 ap·

202 1857 338 1994 posui
353 1899 373 1990 3
409 1861 584 1995 quibus
605 1864 708 1964 duaa
729 1863 941 2003 oblonga
971 1867 1018 1972 8<
1048 1863 1263 1968 coloratae
1292 1863 1415 1968 Solis
1445 1862 1676 2000 imagines
1766 1893 1769 1896 ·

202 1995 251 2094 in
277 1997 499 2134 opposito
518 1997 699 2133 pariete
746 2001 1017 2138 (quomodo
1046 2001 1097 2102 in
1126 2001 1270 2102 tertio
1300 2002 1438 2136 supra
1477 1999 1677 2135 Experi-

208 2155 365 2234 mento
387 2133 564 2236 fauum
586 2137 674 2272 est)
708 2134 1090 2272 depingerentur.
1145 2133 1279 2239 Turn
1298 2159 1410 2238 ante
1429 2133 1681 2266 Parietem,

54 2401 60 2408 ἡ
204 2302 348 2404 parvo
369 2269 526 2406 spatio
546 2267 810 2406 interjedlo,
846 2275 1058 2374 chartam
1087 2272 1276 2408 longam
1305 2271 1354 2376 8ι
1384 2271 1573 2403 exilem,
1611 2268 1695 2369 la--
1800 2337 1804 2340 -

202 2401 380 2504 teribus
423 2403 562 2506 rectis
598 2406 775 2543 interq3
805 2405 850 2509 se
890 2405 1141 2545 parallelis,
1174 2406 1432 2511 collocavi:
1463 2407 1546 2510 ¹Et
1575 2429 1679 2504 tum

203 2535 431 2640 Prismata
466 2561 572 2638 tum
612 2539 927 2644 chartamita
962 2542 1199 2679 disposui,
1256 2565 1322 2644 ut
1341 2544 1486 2646 color·
1504 2539 1700 2646 rubeus.

203 2673 342 2775 unius
368 2673 595 2811 Imaginis
613 2676 795 2778 diredlo
815 2676 865 2778 in
887 2711 1028 2780 unam
1044 2701 1228 2813 partem
1245 2677 1494 2802 dimidiam
1508 2679 1677 2776 charta

206 2808 452 2945 incideret,
484 2809 533 2914 8<
564 2813 695 2913 color
724 2813 958 2922 violaceus
978 2811 1173 2913 alterius
1193 2812 1416 2948 imaginis
1430 2813 1610 2913 diteslo
1627 2811 1676 2910 in

208 2945 399 3048 alteram
435 2969 620 3081 partem
653 2945 903 3050 dimidiam
933 2946 1140 3084 ejusdem
1176 2945 1404 3068 Chartae:
1454 2947 1591 3046 Adeo
1620 2970 1676 3074 ut

206 3077 387 3184 Charta
411 3079 495 3180 ista
517 3080 700 3184 bicolor
724 3081 984 3216 videretur,
1021 3087 1164 3184 rubea
1186 3083 1233 3186 8<
1255 3083 1460 3184 violacea
1483 3122 1501 3210 3
1532 3080 1675 3209 finili

211 3215 310 3328 sere
329 3216 524 3349 ratione,
557 3252 612 3316 ac
642 3221 804 3318 charta
829 3217 907 3318 illa
923 3218 972 3318 in
989 3217 1337 3354 Experimentis
1357 3219 1583 3353 primo&
1605 3213 1671 3314 se·

203 3353 380 3484 cundo,
413 3387 559 3488 quam
582 3353 739 3454 colore
768 3353 916 3454 rubeo
940 3378 1045 3489 atq3
1066 3353 1224 3454 indico
1240 3353 1505 3486 inseeerarn.
1577 3351 1672 3452 De·

201 3485 311 3589 inde
326 3487 581 3622 Parietem,
615 3489 701 3626 qui
722 3489 823 3626 post
845 3485 1073 3590 Chartam
1093 3514 1210 3621 erat,
1244 3481 1402 3624 panno
1422 3487 1678 3624 nigerrimo

203 3623 403 3752 obtexi3
438 3625 617 3759 nequid
647 3622 863 3724 Luminis
894 3624 1006 3726 inde
1025 3623 1361 3758 reflederetur,
1394 3657 1493 3759 quo
1518 3625 1675 3758 Errpea

203 3759 462 3864 timentum
496 3754 647 3893 pollet
676 3759 1004 3862 interturbari..
1068 3758 1258 3872 Quibus
1298 3759 1369 3859 ita
1406 3757 1681 3894 dispofitis3

205 3893 436 3998 Chartam
468 3928 553 4030 per
589 3895 786 3996 tertium
806 3891 980 3996 Prisma
1001 3893 1088 4032 ipsa
1114 3893 1389 4031 parallelum
1409 3890 1684 4028 inspiciens,

209 4029 507 4134 observabam
528 4028 775 4130 dimidiam
796 4028 936 4166 ipsius
957 4053 1138 4164 partem
1160 4064 1294 4164 eam,
1332 4052 1556 4164 quaerat
1578 4025 1678 4128 Lu-

214 4167 331 4266 mine
349 4165 565 4269 violaceo
584 4165 838 4298 illustrata,
884 4167 1136 4304 abruptam
1165 4161 1332 4299 majori
1362 4159 1679 4296 Refrattione,

208 4301 255 4404 8(
277 4303 396 4438 quafi
416 4301 608 4436 reliqua
629 4305 788 4402 charta
809 4295 1044 4402 abscissam
1066 4299 1218 4402 videri
1238 4336 1262 4426 3
1292 4297 1552 4402 Praesertim
1572 4333 1685 4398 curn.

198 4473 303 4541 eam
324 4473 349 4540 e
367 4435 641 4574 longinquo
661 4435 957 4572 inspicerem,
1041 4434 1168 4538 Cum
1199 4435 1326 4539 enim
1361 4433 1503 4536 nimis
1523 4469 1549 4534 e
1567 4467 1679 4569 pro·

193 4577 376 4718 pinquo
411 4567 725 4708 inspiciebam
736 4608 755 4696 3
804 4572 972 4672 charta
992 4569 1195 4676 dimidia
1227 4606 1323 4672 non
1358 4568 1458 4706 jam
1493 4564 1681 4706 penitus

192 4721 313 4818 inter
346 4713 397 4816 se
428 4704 673 4842 disjunta
694 4701 996 4842 videbantur,
1031 4707 1110 4811 sed
1136 4707 1313 4842 angulo
1334 4739 1431 4806 uno
1452 4705 1688 4855 cohaeren·

792 4907 797 4914 .
1575 4859 1694 4961 lla}
