4180 5588
1019 136 1293 304 [290]

442 331 655 434 omnium
673 328 723 430 in
753 325 935 436 lumine
955 325 1038 428 illo
1059 328 1271 434 colorato
1286 323 1409 427 inter
1425 319 1601 425 Prisma
1617 323 1663 428 8<
1680 321 1925 430 Parietem

444 468 821 597 collocatorum,
877 461 1108 564 Fimbrias
1144 463 1225 564 fibi
1261 463 1435 562 habere
1474 459 1573 595 ejus
1615 461 1915 566 solummodo

443 599 653 734 Coloris,
687 599 771 737 qui
806 593 919 702 effer
954 597 1171 700 Luminis
1192 599 1240 699 in
1266 597 1348 698 ista
1385 629 1584 730 corpora
1615 632 1674 698 eo
1703 620 1919 738 tempore

442 736 656 875 projedti.
728 735 784 836 ln
822 734 1029 836 Lumine
1063 736 1208 835 rubeo
1232 734 1406 866 saturo,
1441 731 1660 836 Fimbriae
1692 736 1763 834 ha
1786 767 1920 843 erant

441 911 501 974 ex
522 897 627 975 toto
648 873 798 972 rubeae
809 909 826 997 3
850 869 984 982 ,nihil
1005 871 1262 1003 quicquam
1289 871 1527 1003 habentes,
1563 870 1692 1004 quod
1716 871 1928 1005 quidem,

306 1013 309 1024 ’
440 1012 586 1112 Seusu
605 1007 783 1144 percipi
805 1000 972 1142 posset,
1002 1003 1176 1135 ,coloris
1198 1006 1379 1105 caerulei
1401 1028 1482 1106 aut
1504 1005 1714 1106 violacei.
1783 1007 1915 1110 Con-

440 1171 532 1277 tra,
567 1147 616 1244 in
655 1137 866 1242 Lumine*
896 1141 1091 1242 caeruleo
1127 1142 1301 1273 saturo,
1335 1164 1470 1241 erant
1507 1141 1677 1242 eaedem
1714 1175 1775 1240 ex
1810 1169 1914 1246 toto

439 1283 684 1403 caruleae3
721 1277 842 1378 nihil
864 1276 944 1378 libi
967 1278 1208 1408 habentes,
1243 1276 1370 1410 quod
1408 1277 1600 1410 quidem
1629 1275 1775 1378 Sensu
1806 1315 1913 1415 per·

317 1437 325 1458 “
438 1417 534 1554 cipi
550 1409 717 1553 poiiet,
752 1411 923 1513 coloris
954 1411 1089 1511 rubei
1119 1415 1195 1512 vel
1225 1411 1348 1512 flavi.
1419 1412 1665 1540 Similiter,
1699 1413 1746 1514 in
1771 1416 1926 1526 viridi,

438 1552 665 1682 Lumine,
698 1572 833 1650 erant
873 1549 1044 1650 eaedem
1081 1582 1140 1647 ex
1175 1569 1278 1647 toto
1316 1547 1488 1649 virides
1505 1585 1523 1674 3
1557 1579 1758 1684 excepto
1781 1555 1928 1687 quod-

437 1689 689 1826 paululum
711 1709 816 1792 tum
847 1683 896 1782 in
918 1685 984 1783 eis
1005 1679 1167 1784 inesset
1192 1682 1362 1784 coloris
1384 1681 1495 1784 flavi
1515 1719 1567 1784 ac
1589 1683 1792 1820 caerulei,
1828 1690 1914 1824 qui

436 1821 664 1924 nimirum
710 1818 892 1931 colores
927 1817 975 1917 in
1007 1817 1150 1918 viridi
1173 1815 1410 1918 Prismatis
1430 1820 1632 1922 Lumine
1667 1847 1801 1923 erant
1831 1828 1914 1926 ad-

438 1963 535 2060 huc
555 1958 717 2089 aliqua
740 1954 959 2090 portione
980 1953 1196 2054 admixti.
1267 1951 1433 2087 Portu,
1469 1953 1761 2090 Comparans
1785 1959 1911 2062 inter
2072 2035 2073 2038 κ

438 2097 485 2196 se
529 2089 760 2196 Fimbrias
794 2089 844 2189 in
885 2088 1169 2189 Luminibus
1204 2086 1495 2190 diversorum
1516 2087 1748 2193 Colorum
1776 2097 1908 2195 exhi-

272 2255 276 2264 “
436 2233 559 2334 bitas
574 2269 594 2356 3
629 2225 899 2346 Observavi
926 2259 1019 2355 ena,
1054 2258 1157 2358 qua
1180 2219 1326 2324 effent
1357 2225 1407 2325 in
1440 2224 1648 2328 Lumine
1662 2229 1812 2330 rubeo
1833 2263 1912 2332 ex·

438 2368 619 2499 hibita,
653 2359 867 2466 omnium
898 2355 989 2461 effe
1019 2360 1285 2485 maximas3
1320 2393 1424 2496 quae
1459 2361 1508 2460 in
1536 2359 1740 2464 Lumine
1764 2366 1915 2468 viola-

439 2536 540 2635 ceo,
576 2501 835 2623 minimas3
869 2491 1037 2631 qu'aeq3.
1062 2495 1110 2595 in
1142 2495 1338 2597 Lumine
1374 2494 1535 2628 viridi,
1588 2499 1918 2633 magnitudine

439 2629 755 2752 intermedias.
826 2632 1033 2764 Etenim,
1067 2665 1171 2732 cum
1204 2628 1590 2767 Fimbrian'quae
1625 2635 1779 2770 capilii
1802 2642 1933 2772 hu.⁸

438 2772 567 2900 mani
589 2771 785 2873 Umbra
805 2770 1112 2900 adhererent,
1130 2763 1373 2868 dimetirer
1395 2766 1442 2866 in
1460 2769 1769 2870 transversum
1789 2775 1919 2876 Um-

438 2914 548 3045 bra,
583 2905 830 3008 intervallo
860 2905 940 3004 sex
980 2901 1244 3004 unciarum
1275 2900 1550 3038 aCapil'lo3
1585 2905 1802 3008 distantia
1840 2911 1918 3012 in·
2073 2921 2074 2930 '

438 3072 511 3170 ter
531 3068 714 3183 partem
752 3039 955 3141 mediam
992 3037 1083 3138 five
1119 3035 1509 3140 luminosrffimam
1532 3039 1693 3176 prima
1715 3043 1807 3144 sive
1836 3047 1915 3148 in-

436 3181 624 3282 terioris
646 3176 863 3278 Fimbria
896 3191 957 3275 ex
993 3207 1086 3273 una
1123 3194 1257 3308 parte
1279 3173 1492 3307 Umbrae,
1527 3181 1914 3311 &partcmeam
2073 3303 2074 3308 Ν

436 3319 547 3420 dem
577 3309 796 3416 Fimbria
817 3308 1068 3410 confimilis
1096 3313 1142 3407 ei
1171 3341 1231 3406 ex
1251 3307 1466 3442 oppofito
1506 3287 1925 3447 respondentis'ex'

434 3458 585 3554 altera
622 3470 757 3586 parte
787 3445 1000 3575 Umbra,
1034 3465 1152 3574 erat,
1200 3443 1492 3544 in'Lumine
1526 3447 1722 3583 quidem
1763 3453 1912 3550 rubeo

434 3592 611 3718 saturo,
650 3595 703 3742 ,7¹3
739 3613 845 3718 pars
883 3579 1047 3679 Unciae
1067 3612 1085 3703 3
1120 3579 1170 3677 in
1210 3575 1415 3680 Lumine
1437 3601 1592 3682 autem
1617 3584 1825 3686 violaceo
1839 3587 1911 3688 sa·

437 3777 568 3884 turo,
601 3755 647 3885 ξε.
718 3749 839 3852 item
872 3751 1031 3854 timilis
1068 3749 1284 3852 distantia
1316 3747 1441 3852 inter
1461 3753 1637 3854 medias
1656 3754 1915 3861 fivelumi-

432 3885 678 3992 nofiffimas
720 3909 877 4020 partes
913 3885 1221 3997 secundarum
1268 3881 1604 4022 Fimbriarum,
1650 3925 1708 3989 ex
1750 3915 1917 4034 utraq3

435 4052 572 4165 parte
610 4020 823 4151 Umbra,
857 4043 977 4156 erat,
1012 4019 1062 4122 in
1084 4020 1282 4120 Lumine
1322 4017 1519 4155 quidem
1554 4023 1703 4126 rubeo
1737 4027 1920 4168 laturo,

432 4175 504 4286 2-,3
537 4161 588 4261 in
626 4157 838 4259 violaceo
872 4179 1051 4290 autem,
1081 4155 1118 4290 ¹3,
1154 4189 1261 4292 pars
1304 4155 1485 4258 Unciae.
1562 4156 1685 4294 Atq3
1714 4163 1786 4262 ha
1808 4173 1919 4302 qui.

433 4298 543 4399 dem
585 4291 827 4394 Distantiae
885 4289 1206 4393 Fimbriarum
1237 4291 1361 4391 inter
1398 4290 1481 4422 se,
1536 4296 1734 4395 eandem
1772 4305 1919 4434 plane

434 4428 793 4570 proportionem
835 4428 1104 4530 retinebant
1144 4424 1443 4528 inmunibus
1478 4427 1710 4531 distantiis
1745 4437 1772 4566 'a
1820 4435 1911 4670 (ἷῖ

1793 4601 1842 4704 pr
1877 4607 1913 4674 o
