4182 5592
1250 137 1254 145 ι

377 385 718 518 Caruleorum,
750 415 779 486 a
801 401 888 520 77}
910 383 973 488 ad
995 412 1084 520 77}
1107 422 1126 511 ;
1170 383 1464 518 Indicorum,
1497 399 1631 520 a77l
1652 381 1714 488 ad
1738 395 1820 526 77}
1833 425 1855 517 3

376 526 422 629 8<
445 518 798 654 Violaceorum,
838 557 865 624 a
890 532 973 661 77}
992 523 1053 624 ad
1078 520 1157 657 78.
1564 651 1567 658 Ι

448 654 538 758 Hae
571 659 681 759 sunt
717 655 871 793 Leges
901 655 1260 790 Refrafflonum
1285 654 1604 763 Radiorume
1634 655 1780 764 Virro
1809 661 1864 764 in

376 795 552 900 Aerem
569 795 935 901 transeuntium:
971 797 1138 934 Unde,
1171 832 1233 898 ex
1253 793 1399 900 tertio
1420 793 1677 898 Axiom'ate
1695 797 1861 931 primae

220 1027 221 1030 γ
377 931 530 1036 Partis
562 929 703 1067 hujus
741 929 904 1072 Libri,
945 932 1099 1070 Leges
1133 929 1492 1038 Refraaionum
1511 931 1775 1036 Radiorum
1796 971 1860 1038 ex

377 1068 504 1172 Aere
535 1091 702 1174 contra
739 1067 793 1172 in
835 1071 1029 1174 Vitrum
1068 1070 1452 1205 transeuntium,
1511 1066 1648 1172 facile
1681 1068 1857 1176 deduci

374 1229 617 1343 poterunt.
1136 1263 1137 1266 κ

817 1340 1190 1450 aaran
1274 1343 1408 1446 un

443 1617 710 1722 Observavi
731 1640 971 1754 praterea,
1007 1652 1117 1719 cum
1132 1617 1319 1722 Lumen
1339 1650 1402 1718 ex
1423 1614 1552 1717 Aere
1566 1651 1653 1756 per
1672 1618 1859 1722 diversa

375 1753 703 1892 Refringentia
724 1753 892 1858 Media
912 1755 1037 1856 inter
1057 1755 1104 1856 se
1124 1754 1363 1892 contigua,
1398 1774 1454 1853 ut
1480 1752 1671 1889 Aquam
1693 1757 1739 1859 8<
1770 1757 1857 1858 Vi·

375 1912 523 2026 trum,
558 1891 927 2024 transmittatur,
964 1892 1131 2030 indeq3
1152 1893 1327 1995 iterum
1348 1890 1399 1992 in
1419 1887 1594 1992 Aerem
1616 1892 1857 2020 transeat;

375 2025 428 2128 id
463 2027 669 2164 Lumen,
704 2028 795 2130 srve
816 2026 1095 2165 Superficies
1115 2028 1291 2168 quibus
1315 2027 1368 2129 id
1389 2023 1677 2163 refringatur
1698 2029 1854 2165 paral-

375 2162 476 2264 leloe
506 2165 592 2268 fint
621 2165 746 2266 inter
780 2166 858 2300 se,
900 2164 993 2266 five
1014 2164 1263 2303 inclinata,
1296 2188 1455 2266 tamen
1477 2163 1862 2302 quotiescunque

377 2299 625 2406 contrariis
658 2300 1043 2404 'Refradiionibus
1077 2304 1144 2406 ita
1166 2305 1428 2407 corredium
1452 2301 1524 2434 fit,
1560 2321 1615 2399 ut
1644 2325 1858 2439 emergat

379 2440 573 2540 tandem
608 2438 657 2539 in
682 2436 821 2540 lineis
842 2438 1077 2575 parallelis
1110 2440 1173 2542 ad
1207 2473 1284 2543 eas
1319 2437 1368 2540 in
1406 2439 1580 2572 quibus
1616 2437 1862 2573 inciderit,

379 2573 602 2712 deinceps
636 2576 819 2712 semper
837 2575 1019 2679 rAlbum
1040 2608 1345 2712 permanere:
1380 2575 1464 2680 Sin
1492 2571 1639 2676 Radii
1660 2575 1861 2694 tandem

380 2713 705 2849 Emergentes,
739 2711 827 2813 sint
856 2710 1179 2817 Incidentibus
1201 2711 1451 2842 inclinati3
1499 2737 1605 2813 tum
1635 2710 1861 2815 Luminis

379 2849 663 2987 emergentis
681 2847 1029 2985 albitudinem,
1078 2885 1169 2986 pro
1187 2884 1245 2952 eo
1266 2871 1322 2951 ut
1346 2847 1456 2951 ida
1492 2844 1626 2950 Loco
1656 2849 1858 2953 Emerfi·
2081 2957 2087 2974 ,

380 2986 483 3088 onis
518 2985 721 3088 ulterius
757 2986 1108 3122 progrediatur,
1140 2987 1372 3125 paulatim
1391 2985 1438 3087 se
1457 2985 1517 3086 ab
1538 2986 1967 3143 extrgqqipfpe'gm
2082 2999 2088 3020 ’

442 3121 593 3225 rtibus
633 3123 685 3224 in
720 3118 920 3225 Colores
953 3123 1167 3226 induere.
1234 3121 1349 3224 Hoc
1368 3145 1596 3260 expertus
1626 3128 1857 3262 lumpre-

401 3259 632 3398 ringendo
652 3258 848 3362 Lumen¹
854 3295 942 3398 per
957 3257 1187 3364 Prifmata
1206 3259 1356 3362 vitrea
1372 3258 1422 3360 in
1441 3259 1560 3360 Vase
1579 3257 1865 3364 Prismatico

381 3429 512 3532 aquae
525 3401 670 3535 pleno
691 3399 931 3517 collocata„
999 3398 1106 3532 Jam
1126 3391 1323 3554 quidem
1344 3393 1552 3498 Colores.
1563 3394 1638 3496 isti
1658 3394 1710 3496 id
1730 3398 1858 3499 indi·
1937 3531 1939 3534 Ι

383 3554 491 3633 cant
500 3571 519 3662 ;
554 3529 732 3633 Radius
768 3529 1123 3672 Heterogeneos
1153 3533 1463 3672 rnaequalibus
1495 3532 1586 3634 suis
1622 3531 1856 3636 Remesi-

384 3669 558 3772 onibus
585 3664 831 3806 divergere
871 3669 919 3775 8(
954 3705 980 3770 a
1016 3670 1062 3771 l'e
1091 3672 1295 3776 invicem
1316 3671 1554 3809 separatos
1571 3665 1700 3800 elle3
1733 3705 1856 3809 quo·

375 3807 531 3910 modo
551 3840 613 3908 ex
626 3806 702 3944 iis,
734 3829 841 3944 qua
854 3807 1132 3946 sequuntur,
1166 3809 1355 3949 plenius
1367 3805 1616 3948 apparebit
1638 3843 1651 3907 ε
1685 3809 1861 3912 acon„

383 3942 533 4046 trario
550 3968 735 4080 autem,
778 3979 1058 4081 permanens
1076 3947 1274 4051 alterius
1304 3945 1534 4050 Luminis·
1545 3943 1780 4048 Albitudo
1803 3947 1864 4046 il·

383 4077 470 4179 lud
486 4081 690 4181 ostendit
698 4122 717 4210 3
753 4083 931 4186 Radius
955 4083 1167 4187 fimiliter
1177 4085 1435 4185 incidentes
1451 4118 1565 4221 neq3
1587 4083 1691 4220 post
1711 4119 1865 4186 emer·

384 4216 592 4354 gendum
612 4253 639 4317 a
660 4217 707 4320 se
727 4215 929 4322 invicem
965 4223 1011 4321 se
1046 4246 1202 4324 aratos
1231 4215 1340 4358 effe,
1382 4256 1495 4361 neq3
1526 4223 1670 4322 ullam
1702 4223 1864 4324 conse·

386 4375 588 4486 quenter
642 4377 852 4457 totarum
902 4256 1045 4459 suillis³
1080 4357 1439 4463 Refradlionum
1480 4357 1863 4496 inequalitatem.

308 4570 309 4573 κ
388 4487 538 4593 Unde
559 4489 658 4590 duo
678 4491 922 4627 sequentia
938 4492 1261 4598 Theoremata
1283 4497 1503 4631 colligere
1519 4495 1642 4600 mihi
1664 4497 1840 4597 videor.

463 4649 524 4728 1⁰.
560 4622 783 4728 Excessus
812 4628 1009 4731 Sinuum
1031 4631 1348 4736 Refrattionis
1374 4631 1618 4736 variorum
1638 4665 1870 4768 generum

383 4757 667 4900 Radiorum,
698 4763 837 4905 super
877 4802 1179 4874 communem
1216 4769 1385 4875 Sinum
1417 4770 1705 4906 incidentia,
1750 4803 1864 5008 (ἔπῃ

1443 4931 1446 4936 ,
1807 4937 1867 5010 ,Ε-
