4248 5600
1078 177 1355 342 [210]

471 398 568 494 tem
583 365 798 478 fimilitcr
818 366 1026 506 iirtelligi
1037 370 1181 474 debet
1201 370 1262 474 de
1276 365 1536 508 Superllcie
1557 403 1659 508 quae
1684 369 1944 512 interjaceat

476 511 610 638 binas
647 503 926 649 Crystallos,
959 506 1038 608 vel
1073 507 1210 610 birros
1244 507 1500 648 Liquores,
1534 509 1611 610 vel
1641 508 1750 609 bina
1777 511 1944 646 quotvis

476 649 718 785 Corpora,
750 645 801 748 io
831 678 1041 782 quorum
1062 645 1167 782 utiq
1174 680 1192 772 ;
1210 645 1416 748 confinio
1436 645 1568 754 nulla
1598 643 1678 747 fiat
1703 646 1950 750 Relmliio.

481 783 702 902 Efficitur
737 781 887 919 igitur
923 783 973 884 in
1009 781 1308 918 universum,
1361 803 1420 888 ut
1454 781 1607 888 Causa
1649 787 1964 919 quamobrem.

480 921 649 1026 Media
670 921 910 1066 pellucido
926 918 1230 1055 Uniformia,
1254 917 1440 1058 (qualia
1460 921 1567 1024 sunt
1588 921 1747 1056 Aqua,
1771 921 1963 1023 Vitrum·

477 1082 565 1177 aut
586 1057 893 1198 Crystallus,)
930 1059 1111 1168 nullam
1133 1061 1338 1170 habeant
1358 1057 1702 1192 Rellexiorrem,
1737 1093 1840 1194 qua
1856 1057 1954 1195 qui·

480 1199 592 1301 dem
620 1197 767 1308 Scnsu
795 1196 980 1339 percipi
1015 1192 1172 1334 polsrt,
1219 1215 1534 1336 praeterquam
1566 1193 1616 1296 in
1646 1215 1844 1296 externa
1884 1197 1955 1306 sua

478 1332 745 1490 superficie,
775 1333 863 1438 ubi
898 1333 1003 1436 aliis
1041 1331 1219 1436 Mediis
1246 1331 1490 1438 Deusrtate
1518 1369 1544 1438 a
1570 1334 1616 1433 sc
1636 1329 1956 1438 differentibus

479 1474 716 1620 odqaocnt,
749 1476 846 1576 hate
867 1469 920 1574 srt
939 1472 1202 1602 nimirum3
1235 1472 1369 1608 quod
1394 1495 1551 1611 partes
1579 1470 1793 1604 ipsorum
1814 1470 1956 1576 coati-

479 1609 585 1752 gua'
602 1608 728 1716 inter
749 1611 814 1750 se,
849 1611 1178 1748 unacadequ
1194 1607 1456 1712 fintomnes
1472 1609 1731 1713 Denutata

957 1825 1433 2026 'euoult

499 2238 502 2246 ·
531 2165 724 2298 'Partes
743 2133 941 2267 inirrim‘ae
959 2153 1188 2306 carporum
1211 2165 1487 2268 naturalium
1499 2165 1605 2303 sere
1626 2167 1837 2301 mnium,
1861 2163 1970 2302 sunt·

478 2305 623 2443 aliqum
641 2299 767 2408 modo
777 2297 1049 2462 pellucidae:
1084 2301 1155 2412 Et
1187 2298 1406 2441 Opacitar
1433 2299 1614 2442 istorum
1633 2335 1862 2444 corporum
1878 2306 1959 2405 ari

478 2466 556 2543 tur
576 2478 633 2542 eac
667 2437 954 2552 multitudine
992 2436 1327 2577 Reflcxiottm
1362 2475 1458 2578 qua·
1487 2442 1534 2543 in
1553 2441 1831 2544 interioribus
1851 2440 1969 2582 r'psm
2065 2489 2067 2492 ·

479 2613 586 2682 mm
633 2576 950 2712 artiburfiont.
1711 2677 1716 2686 .

632 2717 870 2826 servatum
886 2712 980 2816 fuit
1000 2711 1092 2815 hoc
1112 2737 1247 2813 antea
1268 2713 1328 2814 ab
1343 2711 1448 2814 aliis
1463 2749 1493 2842 3.
1517 2716 1563 2818 8<
1594 2708 1812 2818 facillime
1843 2747 1952 2815 cona

478 2850 676 2958 cedetur
708 2854 771 2962 ab
803 2852 881 2986 iia,
912 2847 1001 2989 qui
1037 2847 1368 2988 Microscopiis
1390 2851 1646 2956 traiiandis
1677 2844 1841 2951 allueti
1860 2853 1955 2950 iue-

479 2985 592 3091 riut.
663 2986 816 3092 Porro
850 3011 1009 3092 autem
1039 2986 1231 3128 probari
1256 2987 1400 3090 etiarn
1424 2989 1603 3124 poterit
1623 2987 1850 3124 amplius,
1881 3021 1955 3124 ap

480 3126 708 3364 ponerido
725 3124 980 3265 quodlibet
1010 3159 1183 3270 corpus
1204 3126 1263 3227 ad
1286 3126 1499 3227 foramen
1521 3159 1605 3262 per
1627 3127 1766 3260 quod
1786 3125 1964 3264 aliquid

501 3263 703 3376 'uminis
724 3263 774 3365 in
791 3259 1083 3367 Cubiculum
1108 3261 1451 3368 tenebricosum
1474 3260 1838 3364 tlansmittatur.
1906 3263 1963 3367 E·

480 3402 634 3503 tenim
674 3399 984 3544 quantumvis
1019 3435 1221 3538 opacum
1263 3400 1316 3504 id
1353 3431 1522 3538 corpus
1558 3396 1608 3500 in
1630 3400 1824 3536 Aperto
1849 3399 1964 3502 Aere

481 3533 723 3673 uideatur,
755 3571 815 3638 eo
845 3557 1006 3636 tamen
1041 3537 1180 3674 palio
1283 3536 1511 3640 llucidum
1542 3533 1792 3640 videbitur
1825 3537 1966 3643 mani-

481 3673 599 3778 letto
615 3711 634 3800 3
669 3671 949 3807 itascilicet,
983 3669 1019 3777 fi
1058 3671 1169 3775 satis
1249 3708 1372 3775 enue
1391 3669 1537 3775 fuerit
1561 3669 1757 3776 labium.
1832 3675 1960 3781 Exci

483 3808 658 3947 pienda
698 3809 1000 3916 solummodo
1029 3809 1140 3912 sunt
1169 3823 1370 3950 corpora
1411 3809 1663 3914 Metallica
1696 3812 1835 3913 alba:
1872 3847 1961 3956 quae

485 3972 683 4186 propter
704 3947 901 4056 nimiam
922 3945 1197 4051 dealitatem
1213 3947 1452 4050 reflectere
1461 3947 1685 4052 videntur
1701 3953 1804 4051 fere
1813 3949 1863 4052 id
1873 3989 1963 4054 om·

485 4107 568 4184 rre'
612 4119 774 4224 umen,
807 4084 941 4224 quod
985 4083 1034 4189 io
1072 4087 1274 4222 primam
1311 4086 1326 4186 i
1365 4087 1521 4188 sorum
1543 4087 1838 4224 superficiem
1860 4091 1964 4192 inci·

485 4219 608 4352 dat3
643 4223 728 4328 nifi
765 4259 875 4328 cum
916 4221 967 4328 in
1010 4221 1266 4326 Menstruis
1303 4124 1634 4358 liiffolvendo,
1679 4229 1968 4332 comminuta

483 4355 575 4460 fint
594 4358 645 4459 in
665 4363 920 4496 particulas
941 4377 1174 4500 perquam
1196 4362 1420 4500 exiguas3
1454 4396 1555 4497 quo
1571 4360 1767 4498 quidem
1785 4361 1834 4469 in
1852 4369 1966 4498 casu,

482 4491 532 4600 ir
557 4491 655 4635 ipsa
671 4531 826 4637 quoq;
845 4497 1055 4603 fimiliter
1073 4499 1279 4604 evadunt
1293 4499 1547 4640 pellucido.

1775 4805 1961 4920 PROP.
