4182 5592
1033 133 1308 310 [148]

438 321 656 475 proriime
677 325 834 432 nivem
858 307 1283 472 preterieruntur,
1330 329 1465 436 rubei
1486 328 1804 466 refringentur
1825 332 1909 436 mi·
2061 325 2078 419 :l

442 472 569 575 nime
585 508 603 596 3
657 466 831 606 adeoq3
871 468 933 570 ad
970 467 1184 572 Oculum
1214 469 1263 574 in
1305 465 1441 572 lineis
1478 463 1786 574 direuisfimis
1806 504 1911 609 per·
2061 483 2078 554 l

444 604 649 708 venient.

514 741 722 874 Lumen,
755 741 889 878 quod
918 776 945 840 e
980 740 1150 878 pluviae
1170 760 1308 877 gutta
1333 740 1435 876 post
1459 739 1576 840 duas
1597 735 1918 844 Refrootiones
2025 730 2030 736 ¹
2056 671 2063 796 Ἰ

447 881 492 982 8<
516 903 612 980 tres
632 877 848 1016 pluresve
871 875 1166 980 Reflexiones
1187 876 1446 1012 egreditur,
1479 873 1684 975 vixsatis
1713 877 1835 978 forte
1854 883 1920 980 est
2055 895 2076 1012 l

445 1016 509 1116 'ad
547 1015 723 1116 Arcum
759 1009 1074 1145 efficiendum,
1105 1012 1193 1149 qui
1229 1012 1314 1112 sub
1336 1012 1529 1114 Sensum
1561 1011 1709 1114 cadat.
1780 1019 1849 1112 At
1869 1014 1923 1114 in
2056 1025 2078 1098 :l

448 1150 617 1307 glacie-i
654 1148 894 1290 particulis
915 1148 1005 1249 illis
1026 1146 1353 1286 cylindraceis,
1388 1180 1587 1283 quarum
1604 1182 1695 1284 ope
1714 1145 1923 1285 Hugeoi-

2056 1172 2077 1234 ll

449 1325 498 1389 m
521 1313 750 1444 rationem
772 1283 1089 1392 Porheliorum
1110 1283 1332 1424 explicat,
1366 1282 1545 1420 poterit
1569 1281 1756 1386 fortosse
1773 1285 1922 1389 Sensu
2058 1319 2073 1372 ,ςε

450 1455 651 1565 percrpr.

789 1685 1673 1806 onoux.rnonv.,

2057 1591 2078 1686 3,

459 1962 545 2070 Ex
560 1930 902 2106 proprietatibus
924 1962 1140 2068 Luminis
1151 1963 1292 2102 supro
1312 1955 1542 2100 expofitir,
1593 1963 1819 2103 explicare
1849 1967 1933 2068 Co·
2051 1969 2078 2074 l

494 2105 637 2205 lorum
653 2105 699 2201 in
713 2101 971 2240 Corporibus
985 2097 1060 2206 N
1054 2101 1298 2202 oturolibus
1308 2099 1658 2238 permanentium
1675 2097 1935 2203 Rationem.
2052 2108 2078 2210 {r

2053 2252 2078 2348 [r

535 2371 616 2473 Isti
636 2369 833 2473 Colores
854 2372 966 2472 hinc
986 2370 1223 2503 oriuntur,
1257 2347 1390 2506 quod
1425 2406 1452 2472 a
1481 2367 1621 2474 certis
1641 2367 1940 2509 Corporibus
2053 2421 2074 2514 2²3

462 2504 783 2613 Naturalibus
803 2507 1205 2611 certa'Radiorurn
1224 2528 1394 2640 genera
1414 2504 1717 2609 reflebluntur
1737 2506 1940 2644 reliquis

2055 2567 2078 2625 ll

465 2642 686 2747 omnibus
715 2642 973 2780 copiosius,
1027 2645 1074 2748 8<
1109 2646 1169 2747 ab
1203 2643 1308 2745 aliis
1337 2641 1442 2744 alia.
1512 2639 1717 2746 Minium
1738 2643 1938 2776 reflectit
2056 2699 2072 2791 3,

468 2779 625 2883 radios
646 2776 840 2882 minime
858 2777 1224 2916 Refrangibiles,
1254 2777 1345 2882 srve
1365 2777 1574 2911 Rubeos,
1607 2775 1941 2918 copiosrffime3
2067 2833 2078 2906 ,ff

313 3019 317 3032 ,
468 2938 614 3050 utque
653 2915 766 3016 inde
795 2913 1016 3018 Rubrum
1050 2915 1254 3016 videtur.
1322 2911 1472 3019 Violae
1505 2916 1754 3017 relletlunt
1783 2915 1941 3016 radios
2062 2981 2078 3044 sser

469 3049 677 3154 maxime
710 3047 1057 3187 Refrangibiles
1078 3049 1327 3187 copiofius
1342 3087 1364 3175 ς.
1409 3049 1574 3186 indeq3
1604 3051 1742 3153 suum
1763 3051 1942 3154 habent
2063 3072 2078 3182 ζ

470 3183 728 3291 Colorem:
763 3185 828 3288 Et
862 3186 1075 3289 similiter
1104 3210 1267 3290 cetera
1301 3183 1517 3321 Corpora
1538 3186 1711 3311 omnio.
1780 3185 1943 3291 Omne

468 3319 570 3426 Cor
604 3355 660 3422 us
680 3317 879 3422 refleolit
908 3323 1104 3455 Rodios,
1138 3322 1223 3456 qui
1244 3321 1352 3424 sunt
1372 3320 1456 3421 suo
1470 3318 1611 3456 ipfius
1633 3319 1823 3453 Colore,
1860 3358 1941 3422 co

467 3358 640 3594 pioliirs
660 3489 802 3592 quam
833 3456 1080 3594 reliquos3
1114 3453 1420 3562 &Colorem
1460 3457 1593 3558 suum
1628 3455 1739 3556 inde
1772 3455 1944 3588 trahit,

2076 3358 2078 3418 l

469 3593 605 3729 quod
625 3589 770 3730 Radii
790 3591 863 3696 isti
877 3593 928 3698 in
952 3591 1152 3718 Reflexo,
1168 3591 1375 3696 Lumine
1393 3591 1674 3730 prevaleant
1702 3627 1757 3694 ac
1785 3587 1943 3696 domi·

468 3753 660 3834 nentur.
725 3747 727 3752 ’

886 3865 1016 3971 ox
1051 3861 1166 4002 ru
1200 3863 1258 3970 n.
1338 3785 1507 3967 xuu,

535 4136 728 4240 Etenim
763 4139 797 4244 li
826 4141 877 4242 in
924 4135 1211 4258 Luminibus,
1249 4133 1611 4278 Homogeneis,
1663 4138 1829 4276 qualia
1865 4173 1952 4280 per

467 4269 718 4377 Problema
759 4275 811 4377 in
852 4275 1036 4389 Quarta
1078 4274 1402 4414 Propofitione
1442 4275 1603 4412 primae
1628 4269 1781 4378 Partis
1804 4279 1946 4416 hujus

466 4405 609 4510 Libri
627 4410 892 4550 expofitum
908 4410 1118 4515 obtineri
1137 4432 1387 4550 poterunt,
1417 4412 1705 4516 collocentur
1731 4412 1944 4550 Corpora

465 4544 762 4662 diversorum
795 4545 1069 4675 Colorum;
1096 4546 1362 4683 invenies,
1409 4546 1543 4650 ficuti
1572 4547 1678 4688 Ipse
1708 4551 1942 4685 Expertus

461 4681 589 4828 sum,
616 4681 782 4832 Omne
803 4681 992 4822 Corpus
1013 4686 1063 4788 in
1083 4717 1146 4790 eo
1163 4683 1345 4835 semper
1365 4681 1593 4823 Lumine,
1615 4685 1755 4822 quod
1773 4685 1830 4838 fit
1857 4685 1946 4921 {uo

1805 4853 1858 4958 rp
1873 4852 1950 4926 rus
