4250 5586
439 418 688 542 intervallo
709 414 974 551 interjellm
1010 415 1227 552 pradibla
1260 413 1481 549 imaginis
1504 411 1729 551 latitudo,
1783 415 1914 550 (subo

440 561 582 659 dubia
618 553 860 656 foraminis
902 551 952 652 in
989 553 1218 687 operculo
1261 552 1468 654 fenestra
1505 552 1773 686 diametro,
1822 557 1916 656 hoc

440 695 523 826 est,
556 692 801 826 eliacim)
837 687 1146 789 subtendebat
1182 688 1429 824 Angulum
1451 687 1512 789 ad
1532 686 1708 789 Prisma
1731 690 1917 792 circiter

441 828 630 930 dimidii
666 828 892 956 Gradus,
947 825 1032 961 qui
1052 827 1115 922 est
1139 823 1261 925 Solis
1282 857 1510 960 apparens
1531 825 1774 930 diameter.
1846 826 1914 925 At

442 963 722 1098 Longitudo
743 961 967 1096 Imaginis
997 980 1097 1066 erat
1121 960 1386 1062 Unciarum
1416 958 1603 1060 circiter
1631 991 1761 1095 ¹023
1796 961 1914 1062 late·

441 1135 602 1234 rumq3
624 1097 975 1201 reetilineorum
988 1096 1260 1230 longitudo,
1272 1093 1465 1196 'circiter
1485 1097 1592 1196 otto
1613 1095 1880 1198 unciarum
1898 1137 1916 1225 ;

441 1236 728 1371 &lingulas
750 1233 1032 1369 Refringens
1053 1232 1311 1364 Prismaas,
1347 1266 1444 1367 quo
1466 1233 1630 1368 ¹Imago
1656 1252 1788 1334 tanta
1810 1233 1915 1334 lon-

441 1371 658 1506 gitudine
694 1370 907 1472 exhibita
941 1371 1039 1501 est,
1088 1389 1190 1468 erat
1228 1369 1292 1497 64
1313 1367 1562 1503 graduum.
1640 1368 1807 1480 Quum
1832 1368 1919 1470 iste

444 1508 663 1643 Angulus
684 1505 840 1608 minor
860 1501 989 1638 effer,
1024 1505 1302 1638 Longitudo
1324 1503 1545 1640 imaginis
1574 1501 1743 1606 itidem
1764 1506 1921 1609 minor

444 1669 563 1777 erat,
598 1642 805 1744 latitudo
822 1663 983 1741 autem
1004 1643 1168 1742 eadem
1185 1671 1287 1775 qua
1307 1639 1454 1776 prius.
1522 1639 1575 1741 Si
1594 1637 1773 1742 Prisma
1796 1642 1919 1743 circa

446 1785 601 1878 Axem
623 1781 759 1879 sunm
776 1813 878 1877 eam
905 1777 952 1875 in
969 1801 1153 1912 partem
1180 1777 1560 1910 convertebatur,
1595 1795 1699 1911 qua
1713 1775 1918 1878 efficeret

446 1937 503 2014 ut
524 1914 644 2015 radii
664 1950 693 2016 e
721 1913 920 2015 secunda
952 1912 1238 2048 refringente
1258 1909 1497 2048 Prismatis
1518 1911 1637 2013 facie
1657 1912 1919 2051 obliquim,

446 2085 591 2188 quam
617 2074 744 2184 ante,
776 2073 1067 2185 emergerent
1088 2087 1105 2173 5
1141 2049 1304 2183 lrnago
1335 2047 1562 2150 continuo
1582 2055 1723 2150 unam
1744 2051 1920 2152 duasve

446 2186 623 2320 uncias,
673 2209 757 2287 aut
771 2185 879 2322 plus
900 2218 975 2318 eo,
989 2269 995 2278 .
1008 2185 1053 2286 se
1069 2184 1118 2283 in
1135 2183 1511 2319 Longitudinem
1529 2184 1734 2321 amplius
1754 2208 1919 2288 exten»

448 2324 605 2423 debat.
675 2323 758 2423 Sin
797 2319 971 2421 Prisma
993 2321 1043 2419 in
1072 2320 1329 2420 contrarias
1360 2344 1515 2456 partes
1538 2324 1917 2458 convertebatur,

448 2459 514 2558 ita
532 2481 586 2558 ut
606 2457 728 2558 radii
744 2459 841 2596 jam
857 2457 906 2555 in
921 2455 1125 2590 primam
1141 2453 1476 2591 refringentem
1491 2455 1655 2560 faciem
1670 2457 1919 2594 obliquius

447 2591 710 2694 inciderent
718 2632 737 2722 3
768 2593 930 2728 Imago
946 2591 1099 2692 statim
1115 2591 1274 2693 Uncia
1295 2626 1389 2694 una
1403 2593 1669 2729 atq3altera
1689 2589 1740 2693 in
1756 2593 1919 2696 Brevi-

445 2751 593 2830 tatem
623 2729 670 2830 se
703 2726 1023 2830 contrahebat.
1100 2727 1336 2839 Quocirca
1371 2727 1422 2828 in
1453 2732 1545 2830 hoe
1575 2728 1921 2866 Experimento

445 2864 693 3000 capiendo,
727 2899 820 3001 qua
844 2865 982 3002 potui
1018 2864 1197 2964 summa
1231 2862 1531 2967 accuratione
1565 2865 1615 2966 id
1636 2863 1760 2968 mihi
1779 2902 1921 3003 agcna

444 2997 876 3132 dumexistimavi‚
924 3019 981 3098 ut
1002 2998 1183 3100 ratione
1202 2999 1340 3138 supra
1360 2999 1567 3138 exposita
1598 2997 1776 3110 Prisrna
1796 3037 1854 3104 eo
1868 3004 1921 3105 in

443 3135 531 3236 fitu
568 3137 824 3274 diligenter
843 3133 963 3234 milii
986 3136 1267 3235 collocatum
1286 3130 1439 3270 foret,
1483 3169 1584 3271 quo
1619 3138 1862 3242 radiorum
1893 3175 1922 3242 e

442 3269 674 3374 Prismate
691 3271 1034 3406 emergentium
1065 3269 1386 3372 Refratt'iones
1423 3270 1557 3374 firnul
1583 3305 1718 3410 pares
1758 3271 1922 3411 effent,

446 3441 501 3508 ac
538 3407 730 3508 fuerant
758 3407 808 3518 in
844 3405 1018 3507 Prisma
1054 3403 1382 3507 incidentium.
1454 3407 1510 3508 In
1539 3405 1784 3538 Prismate,
1819 3444 1920 3547 quo

447 3543 556 3642 ulias
577 3540 698 3675 sum,
732 3565 867 3646 erant
881 3541 1076 3679 quidem
1098 3540 1295 3643 Venulae
1314 3541 1489 3679 aliqua
1510 3544 1556 3645 se
1570 3547 1630 3647 ab
1649 3579 1742 3648 una
1763 3569 1920 3649 extre·

448 3679 623 3810 mirate
644 3679 705 3779 ad
720 3680 913 3780 alteram
936 3711 1022 3814 per
1042 3675 1233 3778 Vitrum
1257 3677 1606 3806 diffundentes;
1641 3681 1816 3816 quibus
1846 3719 1928 3786 ra-·

447 3811 639 3915 diorum
660 3813 875 3916 nonnulli
896 3815 1253 3952 quoquoversus
1276 3813 1472 3952 quidem
1488 3816 1814 3972 irregulariter
1829 3818 1923 3921 dis-

449 3951 794 4086 pergebantur:
845 3951 1037 4052 Verum·
1046 3949 1095 4050 in
1117 3947 1327 4088 Imagine
1358 3950 1638 4052 coloratam
1661 3953 1924 4090 longitudi·

449 4087 558 4186 dem
583 4085 909 4221 extendenda,
958 4085 1082 4187 nihil
1118 4086 1375 4223 quicquam
1403 4085 1656 4188 effecerunt
1693 4092 1763 4191 h'ae
1785 4089 1924 4194 venae.

451 4219 643 4323 Etenim
665 4221 792 4322 idem
823 4221 1216 4360 Experimentum
1246 4225 1295 4323 in
1326 4219 1432 4322 aliis
1450 4222 1755 4326 Prismatibus
1787 4229 1893 4367 cepi
1906 4267 1926 4358 ;

449 4357 707 4490 eundemq3
728 4361 909 4496 semper
928 4358 1109 4456 exitum
1128 4357 1342 4458 habebat.
1380 4359 1445 4460 Et
1465 4358 1751 4497 specialiter,'
1772 4398 1924 4499 quum

447 4487 675 4590 Pril'mate
709 4515 867 4594 uterer
897 4491 1168 4628 hujusmodi
1190 4493 1334 4596 Venis
1355 4523 1587 4632 perquam
1619 4494 1840 4632 immuni,
1875 4499 1922 4600 8(

445 4623 578 4761 cujus
614 4627 831 4762 Angulus
871 4629 1150 4766 Refringens
1173 4624 1283 4731 effet
1319 4633 1564 4765 graduum
1591 4632 1687 4728 6αὲ
1704 4673 1722 4761 3
1758 4634 1924 4734 Inveni

443 4761 794 4900 longitudinem
831 4763 1086 4902 Imaginis,
1131 4765 1380 4870 intervallo
1415 4764 1598 4871 Pedum
1636 4767 1778 4874 ruta
1800 4763 1925 4870 Pris·

1780 4930 1926 5043 mate,
