4250 5586
825 215 1062 408 [or]

263 429 435 592 Espe'rss
457 425 510 534 6.
545 409 674 532 Cum
692 425 743 529 in
762 424 948 532 duabus
967 423 1140 530 tabulis
1164 424 1333 565 ligneis
1356 423 1669 568 tenuioribus,
1767 339 1775 360 ι

195 572 426 675 foramina
440 567 649 671 rotunda
664 601 685 695 ς
701 563 869 668 Uncia
892 567 987 668 lata
1007 561 1266 668 incidillem
1276 604 1309 694 μ
1338 567 1444 704 inq;
1464 567 1669 670 fenestra

195 707 419 848 operculo
447 705 664 808 foramen
699 697 903 804 feciliem
937 705 1092 806 multo
1132 737 1207 804 am
1243 701 1372 839 lius,
1420 739 1506 842 per
1533 699 1667 843 quod

191 845 367 982 largior
381 843 513 946 Solis
533 839 751 944 Luminis
772 839 932 943 radius
943 841 996 941 in
1016 737 1309 943 Cubiculum
1324 841 1668 945 tenebricosum

185 979 618 1082 transmitteretur:
654 979 710 1082 ln
730 976 818 1079 isto
838 973 993 1113 radio,
1026 978 1130 1116 post
1146 973 1351 1079 fenestre
1369 977 1664 1116 operculum,

187 1114 368 1219 Prisma
406 1115 666 1242 collocavi3
714 1145 815 1251 quo
835 1111 1023 1218 Lumen
1059 1115 1109 1218 in
1184 1115 1366 1244 ¹rietem
1394 1115 1663 1257 oppofitum

187 1255 557 1391 refringeretur:
592 1249 657 1354 Et
676 1250 894 1387 proxime
914 1252 1018 1388 poll
1037 1150 1372 1387 istudi'risma',
1391 1252 1664 1356 tabularum

184 1391 385 1492 alteram
400 1390 467 1492 ita
487 1391 690 1492 credam
710 1386 866 1522 statui,
903 1407 959 1489 ut
980 1383 1196 1489 Luminis
1217 1388 1405 1492 refracti
1424 1420 1532 1526 pars
1562 1395 1660 1490 m'e·

186 1526 266 1628 dia
288 1561 372 1664 per
392 1529 604 1628 foramen
624 1521 765 1664 ipsius
784 1523 1181 1626 tranlinitteretur
1192 1561 1212 1651 3
1247 1523 1488 1660 reliquum
1502 1537 1664 1625 autem

190 1660 379 1764 Lumen
397 1697 459 1764 ex
479 1684 640 1800 utraq;
660 1681 797 1800 parte
816 1660 1058 1763 foraminis
1078 1658 1455 1798 interciperetur.
1508 1656 1663 1796 Tum,
1814 1741 1817 1748 .

186 1797 441 1936 interjedlo
458 1798 645 1901 circiter
669 1797 919 1899 duodecim
942 1797 1120 1934 pedum
1149 1797 1415 1934 intervallo,
1448 1797 1661 1898 tabulam

184 1935 385 2037 alteram
411 1934 481 2036 ita
511 1932 659 2069 erexi,
692 1954 749 2035 ut
767 1963 877 2072 pars
907 1933 1064 2035 media
1091 1931 1191 2070 ejus
1213 1934 1402 2036 refradii
1421 1929 1660 2069 Luminis,

186 2073 319 2208 quod
339 2105 429 2208 per
448 2072 619 2172 tabula
637 2069 809 2230 prioris
836 2073 1048 2172 foramen
1076 2067 1407 2208 transmissum,
1451 2070 1501 2170 in
1532 2071 1659 2208 pari-

189 2229 310 2308 etem
334 2207 603 2346 oppofitum
638 2197 886 2340 incideret,
922 2205 1021 2342 jam
1055 2240 1142 2346 per
1168 2211 1380 2312 foramen
1415 2202 1556 2340 hujus
1590 2207 1659 2308 se-

189 2347 349 2445 cunda
373 2342 549 2446 tabulae
567 2342 735 2446 itidem
756 2343 1191 2473 transmitteretur3
1225 2347 1467 2482 reliquum
1500 2348 1662 2446 autem'

184 2476 373 2582 Lumen
402 2513 464 2581 ex
498 2504 661 2618 utraq3
693 2503 830 2617 parte
859 2479 1101 2592 foraminis
1136 2481 1479 2620 interceptum,
1522 2481 1661 2622 super

186 2617 278 2718 hac
297 2615 503 2718 secunda
527 2615 691 2718 tabula
721 2615 979 2718 coloratam
999 2615 1123 2730 Solis
1143 2616 1401 2756 Imaginem
1422 2615 1660 2756 depidiam

183 2752 449 2856 exhiberet.
518 2753 583 2856 Et
616 2751 835 2890 proxime
872 2753 976 2902 post
1010 2754 1132 2856 lianc
1164 2753 1414 2858 'secundam
1444 2753 1658 2856 tabulam

183 2887 364 2990 Prisma
404 2889 612 2992 alterum
651 2888 893 3024 collocavi,
937 2921 1037 3026 quo
1056 2887 1244 2994 Lumen
1297 2927 1349 2994 er
1368 2889 1511 3028 hujus
1533 2889 1656 2992 fora»

185 3057 297 3127 men
317 3021 630 3166 transmiffum
649 3027 822 3130 iterum
843 3025 1194 3183 refringeretur.
1321 3029 1431 3132 inde
1451 3029 1511 3128 ad
1532 3027 1658 3126 fene·

185 3165 333 3262 stram
353 3161 578 3299 reversus,
600 3159 838 3264 Prismate
856 3163 1008 3301 priori
1036 3163 1159 3268 circa
1187 3165 1344 3267 Axem
1363 3167 1502 3264 suum
1526 3163 1658 3267 lente

185 3295 398 3400 bacillac
411 3297 634 3402 converso
653 3294 929 3435 efficiebam,
957 3319 1015 3400 ut
1029 3297 1192 3440 Imago
1204 3300 1257 3424 in
1272 3295 1434 3401 tabula
1455 3297 1658 3400 secunda

184 3431 373 3572 depicta
407 3435 590 3537 sursum
618 3435 838 3538 deorsum
877 3433 1018 3574 super
1057 3437 1190 3578 ligno
1222 3448 1512 3572 moveretur,
1555 3469 1656 3571 quo

183 3568 369 3708 lingula
390 3573 407 3673 i
444 3573 530 3676 fius
550 3595 705 3712 partes
724 3588 813 3712 per'
828 3573 1000 3676 tabula
1020 3571 1151 3676 istius
1171 3576 1461 3678 loramenex
1491 3571 1658 3675 ordine

183 3609 472 3844 tmnsmilid,
505 3708 554 3810 in
585 3707 764 3810 Prisma
801 3705 1029 3848 posterius
1055 3711 1330 3815 inciderent.
1359 3708 1519 3858 Quod
1537 3711 1657 3814 dum

181 3843 338 3980 fieret,
371 3843 536 3948 notavi
556 3845 658 3982 loca
679 3879 732 3947 ea
748 3845 801 3946 iu
819 3841 1034 3986 oppofito
1053 3847 1252 3988 pariete,
1285 3849 1346 3950 ad
1367 3877 1471 3985 qua
1491 3843 1658 3946 iri-Lu,

182 4013 316 4219 lt}
341 3977 1656 4223 tiit&dllllrissltltfftiiitullast

186 4251 351 4357 habere
369 4253 603 4396 comperi,
637 4279 696 4357 ut
747 4257 799 4358 ui
821 4255 942 4358 radii
971 4257 1175 4394 aprimo
1196 4197 1421 4358 Prisrriate
1449 4254 1657 4358 maxime

175 4391 361 4497 refradii
379 4393 445 4498 ad
468 4289 833 4496 caemlmmdma
867 4392 960 4494 inis
988 4395 1334 4496 extremitatem
1367 4391 1656 4524 fere-bantur,

168 4528 315 4638 iidem
334 4531 527 4638 iterum
547 4563 574 4629 a
594 4524 798 4684 secundo
828 4425 1056 4632 {rumare
1085 4531 1212 4670 plus,
1247 4557 1392 4670 quam
1413 4525 1652 4630 id'Lumi·

155 4671 223 4776 nis
243 4673 389 4818 quod
414 4665 488 4773 ad
510 4667 704 4796 rubeam
727 4662 935 4803 ejusdem
949 4665 1167 4804 imaginis
1192 4665 1540 4769 extremitatem
1562 4658 1652 4759 fer·

149 4837 297 4954 retur,
335 4801 746 4939 refringerenttlr.
830 4803 940 5040 0ΰέ
975 4806 1171 4942 quidem
1191 4801 1535 4907 Observatione
1555 4817 1654 4952 lam

979 4971 1004 5034 r
1503 4967 1654 5068 prima
