4250 5586
658 175 912 418 'Errare
955 257 1301 428 Corrigenda,
1340 253 1417 392 sd
1440 252 1728 394 Addendaj

544 509 550 527 .
628 481 659 546 3.
733 461 813 553 lege,
839 457 968 530 Relina·
985 455 1228 532 terebinthina
1248 455 1405 530 noudum
1424 457 1594 552 enecata,
1621 461 1777 562 &Aqua
1805 463 1935 562 plessis,

731 553 996 648 fimulagitatae.
1306 552 1313 564 ’

626 675 660 738 7.
733 649 813 745 post,
837 650 1111 740 terebinthin03
1135 645 1234 742 adde,
1258 646 1381 742 Olivo,

630 765 685 838 15.
732 751 814 842 lege,
840 746 975 820 minora
996 770 1101 842 quam
1113 749 1219 820 certae
1232 744 1457 837 cujusdam&

470 871 551 931 2¹9·
630 867 684 914 ro.
732 867 800 938 pro,
824 844 978 934 aetheris,
1003 849 1082 941 lege,
1106 843 1181 917 caeli
1195 843 1317 916 sereni.

472 967 554 1017 220.
631 964 686 1012 21.
733 959 801 1033 pro,
828 941 1084 1036 &31ege,vel.

472 1063 552 1126 223.
630 1061 661 1124 3.
733 1039 818 1130 poll,
843 1040 1000 1126 maiora,
1027 1037 1123 1124 adde,
1148 1037 1185 1110 in
1206 1033 1434 1108 latitudinem

628 1157 684 1206 20.
731 1135 817 1227 poll,
841 1132 1064 1228 particulas,
1088 1132 1186 1222 adde,
1212 1131 1380 1206 coarttati
1397 1133 1433 1206 &

472 1231 551 1303 228.
627 1254 683 1318 30.
731 1233 822 1322 tege,
849 1243 889 1302 ut
903 1233 1039 1304 Aurum
1058 1234 1136 1326 plus
1157 1229 1285 1303 babeat
1310 1244 1488 1301 meatuum
1512 1227 1607 1302 inter
1623 1243 1743 1323 partes
1762 1236 1835 1308 tius
1855 1240 1935 1311 soli·

730 1328 806 1416 das,
831 1349 935 1422 quam
953 1328 1108 1423 partium
1136 1326 1324 1401 solidarum
1343 1323 1470 1420 quibus
1487 1343 1622 1400 meatus
1641 1328 1874 1430 interjacent,
1900 1340 1935 1410 b*

730 1422 983 1518 consequenter
996 1423 1145 1519 spatium
1158 1425 1304 1495 vacuum
1317 1421 1353 1494 in
1368 1419 1540 1498 meatibus
1555 1427 1677 1517 Aquae,
1690 1425 1839 1520 spatium
1854 1455 1936 1525 pnr-

731 1519 827 1592 tibus
848 1519 966 1593 solidis
982 1537 1194 1614 occupatum
1211 1516 1360 1613 amplius
1373 1517 1586 1614 quadragies
1603 1519 1755 1616 superet.

652 1675 660 1690 .
730 1619 815 1712 poss,
841 1617 1022 1712 reperiat,
1047 1617 1143 1704 adde,
1168 1621 1325 1707 Magnes
1340 1613 1511 1688 virtutem
1529 1614 1638 1706 suam,
1656 1619 1724 1690 fine
1741 1621 1812 1692 ulla
1829 1622 1934 1696 dimi-

610 1783 613 1789 .
729 1712 878 1784 nutione
903 1727 966 1786 aut
988 1713 1215 1808 alteratione,
1242 1711 1418 1804 integram
1447 1709 1662 1786 transmittit
1689 1736 1753 1808 per
1772 1721 1932 1812 Corpora

729 1807 848 1882 omnia
861 1807 991 1906 frigida
1021 1809 1055 1882 &
1082 1832 1152 1880 non
1171 1808 1383 1904 magnetica,
1407 1819 1448 1879 ut
1461 1811 1610 1899 Aurum,
1635 1814 1849 1904 Argentum,
1872 1819 1933 1884 Vi-

729 1921 841 1997 trum,
859 1910 1008 2002 Aquam.
1058 1905 1121 1978 Vis
1134 1905 1316 1998 gravitans
1338 1903 1443 1996 Solis,
1463 1903 1582 1996 (nquis
1601 1927 1678 1978 eam
1699 1907 1840 2002 quidem
1859 1933 1931 1983 me-

729 2001 874 2076 chanico
892 2001 1069 2098 explicare
1082 2000 1202 2090 telin)
1234 1999 1493 2074 transmittitur
1516 1999 1655 2093 integra
1680 2025 1744 2100 per
1769 2004 1930 2098 ingentia

725 2100 951 2172 Planetarurn
965 2120 1139 2193 corpora,
1163 2097 1215 2170 ita
1229 2113 1269 2169 ut
1290 2096 1334 2168 Vi
1345 2096 1521 2192 aequabili,
1545 2097 1589 2169 ad
1605 2096 1677 2192 ipsa
1696 2097 1769 2197 usq,
1782 2105 1931 2192 Centra,

726 2193 765 2266 in
781 2217 903 2268 omnes
919 2217 1041 2269 eorum
1056 2209 1176 2290 partes
1189 2207 1293 2286 agat3
1318 2215 1384 2285 pro
1396 2194 1601 2287 quantitate
1616 2193 1750 2268 scilicet
1763 2198 1931 2288 materie,

725 2288 765 2361 in
782 2312 889 2388 quoq,
907 2307 1020 2388 parte.
1071 2296 1120 2362 Et
1133 2291 1238 2363 Radii
1264 2286 1434 2376 Luminis,
1461 2289 1528 2360 five
1548 2289 1613 2362 sint
1631 2289 1682 2364 illi
1707 2291 1832 2388 exigua
1852 2316 1933 2366 cor-

726 2386 883 2481 puscula,
910 2390 977 2462 five
991 2391 1121 2460 Motus
1142 2385 1360 2459 solummodo
1381 2386 1438 2455 vel
1456 2383 1831 2478 Pressuspropagatus‚
1857 2411 1933 2461 mo-

727 2499 856 2556 ventur
874 2483 910 2556 in
923 2482 1024 2558 lincis
1040 2481 1169 2574 restis,
1193 2481 1390 2576 radiusque,
1409 2503 1486 2552 cum
1502 2479 1618 2568 semel,
1637 2482 1783 2568 cujusvis
1801 2481 1851 2554 rei
1865 2508 1932 2578 op·

727 2581 853 2674 positu,
878 2581 923 2652 de
952 2579 1008 2650 via
1028 2579 1249 2668 defletlatur,
1275 2597 1451 2672 nunquam
1484 2575 1628 2668 iterum,
1653 2576 1714 2650 nisi
1743 2574 1838 2651 sorte
1854 2583 1933 2654 casu

727 2676 860 2770 aliquo,
885 2675 921 2748 in
947 2675 1095 2747 eandem
1125 2673 1252 2747 lineam
1268 2673 1396 2747 retiam
1413 2671 1547 2744 reverti
1571 2672 1728 2764 poterit:
1757 2675 1931 2750 Attamen

729 2775 863 2844 Lumen
893 2795 956 2866 per
986 2793 1134 2863 corpora
1155 2768 1325 2864 pellucido
1352 2767 1388 2839 in
1407 2767 1508 2839 lineis
1528 2767 1630 2841 restis
1657 2769 1699 2840 nd
1731 2771 1836 2864 longa
1857 2772 1936 2865 usq,

726 2867 911 2939 intervalla
926 2866 1192 2940 transmittitur.
1244 2863 1315 2948 Qui
1335 2863 1410 2936 lieri
1422 2879 1542 2956 queat,
1556 2881 1595 2935 ut
1610 2888 1759 2954 corpora
1773 2867 1855 2938 satis
1871 2871 1930 2939 ba-

726 2963 835 3034 beant
854 2977 1030 3036 meatuum
1057 2963 1102 3034 ad
1133 2961 1196 3032 hos
1220 2960 1357 3034 effeetus
1376 2959 1603 3046 obtinendos,
1627 2961 1771 3034 dillicrle
1788 2964 1930 3057 quidem

726 3058 777 3129 esb
796 3075 998 3152 conceptu,
1023 3073 1062 3128 at
1083 3078 1301 3151 nequaquam
1326 3053 1540 3150 impossibile.
1596 3059 1751 3152 Etenim,
1776 3059 1930 3155 utsupra

726 3155 919 3246 expostum
934 3155 998 3244 est,
1022 3155 1170 3226 Colores
1188 3173 1374 3248 corporum
1388 3151 1554 3225 oriuntur
1571 3177 1611 3226 ex
1630 3175 1685 3244 co,
1708 3155 1801 3248 quod
1817 3157 1929 3249 parti-

726 3253 812 3323 culae
846 3249 1000 3344 ipsorum
1036 3249 1143 3321 certis
1182 3249 1249 3320 fint
1293 3247 1602 3340 magnitudinibus.
1677 3253 1752 3342 Jam
1789 3251 1810 3323 si
1847 3275 1929 3344 par·
2048 3303 2053 3312 .

728 3346 856 3420 ticulas
874 3345 953 3418 istas
985 3345 1035 3416 ita
1061 3344 1241 3438 dispositas
1270 3343 1521 3435 concipiamus,
1549 3361 1587 3414 ut
1602 3343 1768 3416 intereas
1786 3362 1928 3417 tautum

727 3443 994 3515 intervallorum
1021 3442 1088 3511 five
1116 3455 1291 3511 meatuum
1319 3439 1541 3530 interjaceat,
1564 3455 1735 3533 quantum
1762 3441 1827 3512 sint
1849 3441 1928 3534 ipsae

728 3537 934 3626 particulae3
959 3535 1083 3630 ipsasq3
1097 3558 1204 3628 porro
1218 3533 1265 3607 ita
1280 3559 1321 3608 ex
1344 3535 1421 3606 aliis
1439 3536 1551 3607 multo
1570 3533 1761 3605 minoribus
1774 3538 1931 3630 particu-

726 3635 769 3706 lis
784 3633 989 3726 compostas
1007 3631 1085 3722 else,
1112 3647 1150 3703 ut
1164 3630 1316 3703 minores
1336 3631 1401 3702 illae
1426 3631 1607 3724 particulae
1626 3631 1824 3704 habeant&
1849 3633 1929 3726 ipsse

724 3731 949 3822 ,interjetlum
968 3727 1026 3800 fibi
1049 3741 1226 3800 meatuum
1242 3741 1398 3817 tantum,
1421 3743 1593 3820 quantum
1613 3725 1692 3796 sunt
1717 3726 1796 3819 ipsae
1814 3729 1928 3820 part-ia

726 3827 836 3912 culae·⁷
864 3823 1064 3918 basq3ipsas
1095 3823 1269 3912 similiter,
1294 3823 1343 3894 ita
1370 3827 1411 3895 eu
1430 3822 1507 3894 aliis
1523 3825 1634 3894 multo
1652 3822 1764 3894 adhuc
1786 3822 1929 3895 minori-

728 3923 790 3992 bus
821 3919 1004 4016 particulis
1027 3920 1235 4013 compositas
1251 3918 1328 4009 else,
1353 3935 1394 3990 ut
1413 3916 1479 3990 illae
1500 3919 1614 3989 adnue
1638 3918 1790 3992 minores
1816 3918 1930 4014 parti-

725 4019 810 4089 culae
845 4015 1000 4087 habeant
1038 4015 1073 4086 br
1098 4014 1179 4109 ipsae
1215 4015 1432 4106 interjetlum
1472 4013 1532 4084 fibi
1565 4029 1742 4086 meatuum
1774 4032 1929 4106 tantum,

727 4129 899 4206 quantum
914 4111 994 4185 sunt
1012 4109 1093 4203 ipsae
1112 4109 1320 4202 particulae,
1346 4111 1380 4181 dx
1393 4108 1628 4204 ficdcinceps,
1653 4111 1767 4182 donec
1790 4113 1831 4182 ad
1850 4111 1931 4183 soli-

723 4209 788 4280 das
808 4208 948 4280 demum
963 4205 1152 4300 particulas
1166 4205 1391 4294 deveniatur,
1404 4226 1480 4299 quae
1495 4207 1759 4278 nullosomnino
1776 4207 1884 4279 habea
1892 4225 1931 4279 nt

724 4304 760 4375 in
781 4302 814 4375 se
835 4320 993 4376 meatus:
1019 4299 1135 4396 Sintq,
1148 4301 1183 4372 in
1198 4303 1316 4395 aliquo
1334 4305 1494 4394 Corpore
1508 4317 1598 4394 tres,
1621 4317 1720 4396 putu,
1736 4303 1932 4394 hujusmodi

728 4399 978 4494 particularum
994 4395 1123 4492 gradus
1142 4425 1153 4484 3
1175 4419 1324 4492 quorum
1350 4397 1493 4470 ultimus
1512 4397 1553 4468 fit
1571 4420 1704 4486 earum,
1729 4421 1807 4494 quae
1827 4401 1929 4473 mini-

723 4519 787 4568 mae
802 4495 866 4566 suit
884 4497 918 4567 be
945 4496 1051 4588 plane
1065 4492 1183 4565 solidae
1201 4519 1207 4564 :
1254 4493 1364 4588 Utiq3
1377 4491 1411 4566 id
1425 4515 1552 4586 corpus
1569 4489 1685 4588 septies
1701 4511 1842 4568 tantum
1869 4497 1930 4565 hu-

722 4589 823 4665 bebit
838 4606 1031 4676 meatuum,
1056 4610 1160 4682 quam
1174 4605 1345 4682 quantum
1360 4586 1516 4684 portium
1529 4589 1732 4663 solidarum.
1782 4590 1885 4673 Quod
1907 4592 1927 4660 ss

718 4703 873 4781 quatuor
887 4684 1082 4780 hujusmodi
1097 4682 1229 4760 suerint
1243 4684 1494 4781 particularum
1510 4687 1655 4788 gradus,
1679 4705 1828 4782 quorum
1843 4687 1927 4754 ulti-

1854 4803 1930 4856 ffltlS
