4222 5586
1132 205 1366 374 [22]

572 404 623 508 8c
657 433 744 540 per
771 395 936 502 eadern
973 397 1146 536 ponda
1171 395 1231 500 lic
1260 390 1468 500 describi
1489 387 1699 533 possunt.
1762 393 1953 503 Dentur

574 538 745 641 Curvae
765 532 1077 638 describenda
1098 537 1272 671 pundla
1294 531 1517 671 qualibet
1536 533 1716 670 septem
1737 533 1877 672 Α,Β,
1898 535 1958 672 C,

575 675 644 811 D,
667 675 726 810 E,
747 671 805 807 F,
839 673 889 773 G
926 705 1130 809 quorum
1154 673 1298 827 Aest
1320 671 1549 825 punitum
1577 672 1789 828 duplex..
1841 675 1961 808 Jun·
2086 754 2087 838 ,

576 835 749 948 gantur
768 811 998 946 pundlum
1021 811 1066 910 A
1087 808 1134 915 8<
1156 807 1247 910 alra
1263 807 1360 910 duo
1381 839 1558 941 quavrs
1579 841 1607 908 e
1626 811 1817 944 punstrs
1846 832 1960 946 puta
2086 839 2087 882 ³

577 943 793 1072 138<C3
842 946 889 1047 8<
925 941 1152 1079 trianguli
1185 941 1342 1044 ΑΒΕ
1378 965 1561 1047 rotetur
1605 967 1713 1044 tum
1758 947 1959 1080 angulus

585 1079 737 1184 CAB
762 1081 883 1182 circa
913 1078 1138 1184 verticem
1163 1079 1297 1180 suurn
1321 1086 1384 1213 A,
1418 1104 1521 1190 tum
1542 1079 1826 1214 angulorum
1850 1083 1955 1184 reli·

585 1254 792 1357 quorum
812 1221 1044 1321 alteruter
1064 1213 1215 1328 ABC
1234 1215 1356 1318 circa
1378 1216 1604 1316 verticem
1620 1216 1754 1317 suum
1775 1214 1825 1316 Β.
1901 1219 1964 1321 Et
2088 1260 2089 1338 r

586 1354 670 1459 ubi
706 1389 897 1458 crurum
931 1351 1051 1485 AC,
1085 1349 1178 1452 BC
1208 1351 1457 1458 concursus
1478 1350 1524 1452 C
1542 1349 1787 1456 successive
1805 1355 1962 1490 appli·
2088 1367 2089 1386 *

587 1514 722 1594 catur
751 1492 813 1594 ad
828 1491 1002 1629 pontia
1022 1513 1230 1624 quatuor
1249 1488 1435 1624 reliqua
1456 1489 1522 1622 D,
1540 1489 1599 1623 E,
1621 1485 1748 1619 F,G
1785 1489 1960 1600 incidat
2089 1512 2090 1572 l

586 1628 838 1730 concursus
868 1659 1059 1727 crurum
1080 1625 1374 1758 reliquorum
1404 1623 1499 1726 AB
1520 1624 1566 1728 8(
1588 1623 1683 1736 BA
1708 1625 1758 1726 in
1787 1628 1961 1762 ponda

587 1788 797 1896 quatuor
835 1761 891 1894 P,
929 1762 999 1894 Q,
1040 1758 1105 1894 R,
1143 1759 1190 1861 S.
1281 1757 1369 1867 Per
1390 1763 1563 1896 puncta
1582 1759 1665 1860 illa
1687 1763 1962 1897 quatuor&

588 1897 809 2032 quintum
828 1897 1179 1998 Adescribatur
1195 1896 1335 2022 sessio
1349 1893 1547 2031 conica,
1581 1895 1819 2033 &anguli
1844 1934 1962 2038 prae·

590 2031 676 2133 soti
697 2029 864 2165 ΕΑΒ,
899 2027 1048 2132 CBA
1083 2031 1150 2132 ita
1181 2055 1397 2135 rotentur
1425 2057 1481 2134 ut
1510 2066 1704 2136 crurum
1724 2033 1840 2167 ΑΒ,
1871 2034 1966 2136 BA
2091 2151 2092 2170 N

591 2170 842 2272 concursus
876 2191 1121 2306 percurrat
1156 2167 1410 2270 sestionem
1450 2167 1579 2270 illam
1610 2166 1874 2304 Conicam,
1917 2173 1966 2274 8<

592 2306 839 2406 concursus
884 2303 1178 2542 relirlpuorum
1228 2337 1418 2406 crurum
1452 2302 1571 2438 AC,
1606 2300 1701 2406 BC
1736 2306 1968 2409 describet
2092 2393 2093 2396 γ

592 2437 802 2542 Curvam
823 2475 976 2580 propo
992 2463 1106 2542 rtam
1130 2475 1214 2576 per
1234 2437 1508 2542 Theorema
1527 2440 1797 2554 secundum.

659 2577 711 2677 Si
747 2576 849 2675 vice
879 2575 1045 2714 pondi
1080 2574 1125 2674 C
1160 2577 1300 2677 datur
1319 2575 1550 2713 positione
1583 2577 1708 2676 resia
1740 2573 1837 2676 Bc
1865 2611 1969 2713 qua
2093 2523 2094 2538 A

592 2707 800 2812 Curvam
833 2703 1183 2812 describendam
1213 2715 1369 2848 tangit
1402 2713 1460 2824 in¹
1477 2711 1532 2845 Β,
1563 2709 1694 2816 linea
1714 2709 1840 2848 AD,
1871 2711 1968 2816 ΑΡ

591 2845 879 2983 coincident,
895 2847 943 2952 8<
959 2847 1060 2948 vice
1076 2848 1238 2984 anguli
1258 2834 1412 2952 DAP
1434 2849 1687 2962 habebitur
1702 2848 1826 2950 linea
1841 2855 1971 2954 reeta

591 2981 714 3088 circa
736 2988 901 3123 polum
923 2987 969 3084 A
992 2985 1205 3085 rotanda.
1622 2997 1627 3006 '

660 3121 712 3224 Si
729 3121 955 3257 punstum
977 3121 1158 3256 duplex
1184 3124 1230 3221 A
1256 3119 1441 3246 infinite
1455 3119 1595 3222 distat
1610 3119 1802 3222 debebit
1817 3121 1973 3227 Recta

591 3257 654 3365 ad
676 3261 873 3394 plagam
904 3258 1069 3414 punisti
1089 3254 1214 3359 illius
1235 3280 1469 3394 perpetuo
1497 3255 1642 3493 dirigi
1669 3257 1715 3360 8(
1733 3281 1870 3361 motu
1886 3295 1973 3398 pa·

595 3391 759 3629 {allelo
780 3389 893 3494 ferri
914 3416 1093 3495 rnterea
1113 3393 1229 3497 dum
1250 3393 1451 3532 angulus
1482 3392 1579 3496 AB
1654 3391 1778 3496 circa
1803 3398 1973 3532 polum

635 3551 856 3632 rotatur.

595 3671 600 3680 '
663 3662 878 3765 Describi
898 3663 1043 3765 etiam
1072 3659 1261 3800 possunt
1284 3665 1353 3766 hae
1374 3695 1533 3784 curva
1557 3661 1704 3800 paulo
1723 3663 1868 3768 aliter
1887 3700 1973 3804 per

593 3797 866 3903 Theorema
887 3799 1102 3934 tertium,
1136 3801 1217 3902 sed
1245 3796 1607 3938 descriptionem
1639 3798 1974 3939 srmpliciorem

593 3931 794 4077 posuisse
814 3933 997 4037 sufficit.
1285 3953 1288 3960 '
1656 4039 1657 4044 g

663 4073 842 4178 Eadem
862 4068 1092 4174 methodo
1123 4070 1307 4173 Curvas
1327 4069 1479 4206 tertii,
1512 4068 1672 4206 quarti
1694 4071 1741 4176 8(
1760 4071 1972 4212 superio-

389 4219 393 4226 ’
593 4245 700 4314 rum
730 4245 955 4352 generum
975 4203 1238 4311 describere
1258 4206 1403 4340 licet,
1450 4239 1548 4310 non
1577 4235 1740 4310 omnes
1777 4209 1973 4348 quidem

592 4346 672 4445 sed
703 4369 946 4486 quotquot
979 4342 1165 4449 ratione
1192 4341 1355 4482 aliqua
1391 4341 1638 4446 commoda
1665 4377 1753 4486 per
1785 4369 1973 4450 motum

592 4477 791 4588 localem
821 4481 1022 4589 describi
1047 4476 1253 4625 possunt.
1336 4474 1469 4586 Nam
1521 4509 1715 4586 curvam
1761 4479 1977 4719 agpmuapp
