4260 5582
183 417 230 519 8(
253 409 503 549 inequales
540 407 671 536 (nam
694 411 894 544 aquales
916 402 1006 508 esse
1031 430 1270 546 nequeunt
1303 407 1385 510 nisi
1410 409 1557 544 figura
1580 421 1647 514 Fir·
1669 431 1727 492 61·

186 553 242 652 fit
262 547 441 650 Conicu
463 545 629 784 sectio?
665 545 813 682 figura
847 545 1077 646 constabit
1098 580 1157 646 ex
1190 543 1340 646 tribus
1365 541 1556 682 Hyper·
1600 633 1604 640 .

183 683 307 789 bolis
343 683 426 786 fibi
466 718 595 821 oppo
613 681 688 782 rtis
731 714 931 817 quarum
956 715 1048 782 una
1080 679 1205 816 jacet
1227 679 1349 782 inter
1370 682 1556 822 asymp-

184 843 312 940 totos
334 819 573 958 parallelas
595 819 641 924 8(
663 818 819 918 altera
838 817 943 918 duae
959 815 1117 950 jacent
1138 840 1286 918 extra.
1366 817 1431 920 Et
1460 821 1554 920 haec

185 960 249 1058 est
266 957 436 1091 species
452 953 834 1091 quinquagefima
855 953 1066 1088 septima.

253 1092 303 1191 Si
324 1090 500 1191 radices
522 1093 609 1190 illae
624 1091 725 1190 dua
747 1089 850 1188 sunt
871 1086 1428 1223 impoffibile3,11aberrtur
1444 1087 1549 1227 Hy-

181 1228 386 1368 perbolae
406 1226 511 1325 dure
536 1223 755 1362 opposita
781 1248 913 1326 extra
935 1227 1224 1363 asymptotos
1240 1226 1483 1363 parallelas
1504 1229 1552 1329 8(

180 1363 431 1499 Anguinea
470 1360 777 1498 hyperbolica
812 1360 936 1460 intra
976 1361 1174 1462 easdem.
1253 1361 1368 1463 Haec
1402 1363 1550 1498 figura

176 1502 383 1600 duarum
424 1499 489 1596 est
526 1496 799 1632 specierum.
874 1495 1003 1598 Nam
1033 1519 1247 1597 centrum
1277 1533 1372 1598 non
1409 1500 1718 1618 habetagmz.

178 1635 265 1734 ubi
286 1631 561 1734 terminusd
583 1666 679 1732 non
699 1631 824 1748 deest
845 1666 865 1758 3
898 1633 976 1732 sed
1014 1631 1045 1733 fi
1077 1631 1306 1733 terminus
1327 1633 1405 1733 ille
1425 1635 1552 1735 deest
1568 1624 1637 1718 Eg·
1656 1633 1717 1708 ⁶³⁸

181 1768 472 1906 pundumA
493 1771 558 1870 est
579 1767 679 1904 ejus
694 1791 922 1870 centrum.
973 1765 1111 1870 Prior
1131 1768 1302 1905 species
1326 1769 1391 1869 est
1411 1770 1550 1906 quin.
1682 1781 1688 1794 '

178 1905 440 2042 quagesima
463 1905 644 2037 ossava,
677 1903 904 2042 posterior
924 1903 1305 2042 quinquagesima
1323 1940 1467 2010 nona.

195 2158 199 2166 ⁴
246 2043 396 2152 Quod
438 2037 471 2140 fi
506 2040 736 2141 terminus
756 2079 778 2138 e
786 2079 812 2178 y
834 2041 990 2175 deest,
1044 2043 1191 2176 figura
1227 2042 1454 2144 constabit
1489 2077 1550 2144 ex
1560 2050 1635 2145 fu·
1648 2060 1726 2143 ψ

178 2177 329 2279 tribus
364 2174 637 2314 hyperbolis
673 2173 897 2313 oppositis
932 2208 1136 2311 quarum
1158 2209 1252 2276 una
1278 2175 1404 2311 jacet
1424 2176 1549 2282 inter

176 2315 470 2452 al'ymptotos
507 2312 745 2469 parallelas
776 2311 825 2415 8(
855 2315 1012 2413 altera
1042 2311 1143 2412 dure
1158 2310 1317 2446 jacent
1336 2333 1472 2415 extra
1493 2338 1549 2415 ut

176 2451 226 2551 in
254 2446 414 2585 specie
445 2447 822 2585 quinquagefima
879 2471 1031 2581 uasta,
1064 2449 1345 2584 &preterea
1366 2448 1547 2553 diame-

173 2609 304 2687 trum
336 2585 479 2685 habct
498 2617 601 2722 qua
623 2587 687 2686 est
707 2481 894 2686 absciiia
915 2598 954 2678 A
968 2599 1013 2685 Β.
1082 2585 1147 2686 Et
1162 2589 1257 2687 haec
1278 2587 1349 2686 est.
1365 2584 1554 2724 species¹

165 2719 461 2856 sexagesima.

241 2854 640 2994 Hyperbolismus
656 2855 881 2991 Ellipseos
931 2891 981 2959 er
997 2859 1117 2960 hanc
1132 2854 1442 2993 aquationem
1463 2859 1546 2958 de·
1650 2892 1787 2966 xxiv.

171 2993 337 3094 finitur
356 2979 849 3132 xiii⁷⁶5²cx†d‚
897 2891 1157 3098 §tunicam
1188 2991 1330 3095 habet
1359 2977 1890 3175 mympssgmbolff*

172 3153 310 3231 tuton
326 3129 508 3265 quaest
524 3127 1051 3366 Ordinataplrincipalis
1074 3130 1168 3229 Ad.
1239 3128 1290 3230 Si
1312 3130 1544 3231 terminus
1557 3103 1703 3270 55⁶5?ss
1767 3131 1779 3152 ⁶

171 3301 342 3403 cynon
362 3265 505 3398 deest,
527 3265 675 3401 figura
691 3266 756 3364 est

825 3265 1053 3403 yperbola
1072 3263 1304 3399 anguinea
1328 3264 1419 3367 sine
1438 3267 1542 3368 dia·

170 3426 324 3503 metro
347 3423 452 3538 atq;
472 3402 614 3503 etiarn
631 3400 724 3503 line
743 3425 908 3503 centro
928 3402 962 3502 fi
981 3401 1208 3505 'terminus
1229 3399 1261 3500 d
1281 3437 1378 3502 non
1400 3401 1540 3504 deest.

168 3537 290 3648 Quae
305 3539 477 3674 species
492 3540 557 3638 est
572 3536 845 3673 sexagesima
859 3534 1027 3672 prima.

239 3675 302 3774 At
324 3673 355 3775 sr
374 3671 605 3774 terminus
625 3670 658 3773 d
693 3673 835 3808 deest,
870 3669 1020 3808 figura
1047 3673 1189 3773 habet
1209 3698 1425 3778 centrum
1448 3672 1542 3779 fine
1556 3697 1729 3794 ugrum.

169 3808 406 3912 diametro
434 3809 482 3912 8(
508 3832 725 3910 centrum
753 3808 854 3943 ejus
874 3810 939 3908 est
963 3813 1194 3944 punitum
1225 3809 1283 3908 A.
1354 3811 1542 3949 Species

170 3981 285 4048 vero
299 3947 365 4046 est
379 3943 654 4079 sexagesima
672 3946 887 4048 secunda.
991 4043 994 4052 .

241 4078 356 4183 Etsi
377 4081 604 4181 terminus
624 4116 647 4176 e
655 4118 682 4213 y
703 4080 847 4215 deest,
881 4081 929 4184 8(
959 4082 1188 4194 terminus
1218 4075 1251 4177 d
1278 4117 1379 4184 non
1398 4080 1543 4218 deest,
1556 4098 1732 4192 Κρόνε,

171 4219 318 4352 figura
336 4218 403 4316 est
424 4210 762 4317 Conchoidalis
782 4217 841 4317 ad
862 4216 1165 4355 asymptoton
1187 4215 1313 4345 AG,
1348 4218 1490 4320 habet
1526 4257 1545 4348 3

173 4355 459 4456 diametrum
489 4350 579 4452 sine
599 4374 778 4488 centro,
811 4353 856 4454 8(
887 4353 1117 4455 diameter
1145 4350 1244 4489 ejus
1263 4355 1328 4457 est
1342 4253 1544 4460 abscidi

173 4485 286 4592 AB.
353 4489 472 4634 Quae
492 4486 665 4626 species
679 4491 744 4592 est
764 4489 1041 4628 sexagesima
1058 4490 1216 4597 tertia.

1347 4757 1559 4898 Hnen
