4222 5586
162 1357 1523 1600 rurnoouorro.

163 1907 1515 1941 mm·—

350 2427 494 2531 quarn
507 2392 717 2496 minimis
731 2395 1008 2525 constanter,
1041 2392 1120 2494 sed
1141 2415 1197 2495 ut
1217 2417 1352 2497 motu
1372 2396 1536 2510 conti-v

347 2563 445 2632 nuo
463 2527 718 2664 descriptas
737 2528 817 2630 hic
846 2527 1095 2630 confidem.
1164 2525 1321 2631 Lineae
1351 2530 1525 2633 descri-

157 2667 337 2769 buntur
364 2699 418 2766 ac
457 2659 763 2764 describendo
791 2682 1073 2799 generantur
1113 2697 1206 2766 non
1237 2701 1322 2802 per
1343 2668 1525 2803 appofie

159 2801 342 2904 tionem
362 2796 570 2935 partium
599 2797 679 2898 sed
698 2831 784 2934 per
814 2821 997 2900 motum
1019 2798 1297 2898 continuum
1324 2805 1528 2953 punem·

159 2971 287 3069 rum,
319 2931 592 3071 superficies,
617 2965 703 3068 per
742 2947 926 3035 motum
964 2929 1211 3064 linearum,
1252 2931 1401 3035 solida
1439 2965 1527 3070 per
1643 3060 1646 3066 ,

159 3095 344 3174 motum
378 3065 749 3205 superficierum,
781 3067 946 3202 anguli
982 3100 1067 3204 per
1101 3064 1386 3172 rotationem
1408 3067 1528 3172 late·

162 3241 290 3342 rum,
323 3227 539 3341 tempora
567 3235 651 3341 per
680 3201 864 3304 fluxum
898 3201 1195 3337 continuum,
1228 3203 1356 3309 &fic
1374 3203 1425 3306 in
1444 3241 1529 3308 cmo

160 3343 289 3446 teris.
358 3336 447 3442 Hae
472 3337 678 3441 Geneses
697 3335 747 3438 in
769 3369 928 3439 rerum
942 3358 1110 3440 natura
1131 3340 1291 3440 locum
1310 3374 1420 3443 vere
1441 3345 1528 3442 ha·
1566 3365 1571 3376 ’

160 3481 276 3586 bene
303 3475 422 3579 &in
443 3494 579 3578 motu
607 3506 858 3612 corporum
877 3472 1099 3612 quotidie
1127 3499 1396 3578 cernuntur.
1464 3477 1529 3584 Et

160 3613 373 3716 adhunc
411 3611 607 3714 modum
622 3607 816 3712 Veteres
844 3607 1063 3710 ducendo
1091 3613 1245 3713 reeens·
1258 3609 1456 3718 mobiles
1475 3612 1528 3718 in

161 3744 510 3884 longitudinem
531 3746 765 3848 rectarum
798 3742 1120 3850 immobilium
1148 3747 1332 3882 genesrn
1353 3749 1529 3873 docue-

163 3907 277 3990 tunt
297 3880 694 4018 retiangulorum.

232 4015 585 4122 Confiderando
618 4012 766 4151 igitur
799 4017 932 4150 quod
955 4015 1247 4152 quantitates
1276 4017 1532 4155 aequalibus

164 4151 459 4290 temporibus
473 4151 725 4261 crescentes
744 4149 792 4256 8<
808 4151 1054 4257 crescendo
1073 4151 1258 4290 genite,
1292 4189 1382 4291 pro
1403 4153 1531 4255 velo-

166 4290 311 4398 citate
325 4287 492 4425 majori
511 4288 590 4396 vel
610 4285 783 4390 minori
805 4321 899 4423 qua
919 4290 1132 4406 crescunt
1152 4321 1207 4393 ac
1234 4311 1534 4425 generantur,
1568 4297 1597 4406 ,³

166 4425 373 4534 evadunt
391 4421 590 4561 majores
613 4425 688 4527 vel
708 4420 913 4526 minores
931 4464 952 4553 3
967 4423 1249 4528 methodum
1270 4426 1535 4564 querebam

168 4557 517 4669 determinandi
540 4557 923 4800 quantitateheff
931 4560 1281 4800 hvelocitalibus
1315 4585 1537 4797 motuuffi

1460 4726 1489 4792 v

161 2255 590 2578 Quantitates
614 2255 974 2358 Mathematicus
1008 2292 1104 2358 non
1137 2279 1193 2358 ut
1229 2258 1524 2396 expertibus
